@article{Donley2005,
	title        = {Double-pass acousto-optic modulator system},
	author       = {Donley,E. A.  and Heavner,T. P.  and Levi,F.  and Tataw,M. O.  and Jefferts,S. R.},
	year         = 2005,
	journal      = {Review of Scientific Instruments},
	volume       = 76,
	number       = 6,
	pages        = {063112},
	doi          = {10.1063/1.1930095},
	url          = {https://doi.org/10.1063/1.1930095},
	eprint       = {https://doi.org/10.1063/1.1930095}
}

